@misc{cochranes,
title ={cochranes},
key={cochranes},
howpublished = {\url{http://cccrg.cochrane.org/animated-storyboard-what-are-systematic-reviews}},
author={Nunn, Jack},
}

@misc{pico,
title ={pico},
key={pico},
howpublished = {\url{https://utas.libguides.com/SystematicReviews/FormulateQuestion}},
author={University of Tasmania},
}



@article{Kanoulas12017,
	Author = {Evangelos Kanoulas and Dan Li1 and Leif Azzopardi and Rene Spijker
},
	Booktitle = {CLEF 2017},
	Title = {CLEF 2017 Technologically Assisted Reviews in
Empirical Medicine Overview},
	Year = {2017},
	Url = {http://ceur-ws.org/Vol-1866/invited_paper_12.pdf},
}

@article{Satopa11,
	Author = {Ville Satopa and Jeannie Albrecht and David Irwin and Barath Raghavan
},
	Title = {Finding a “Kneedle” in a Haystack:
Detecting Knee Points in System Behavior},
	Year = {2011},
	Url = {https://www1.icsi.berkeley.edu/~barath/papers/kneedle-simplex11.pdf},
}


@article{Cormack2016,
	Author = {Gordon V. Cormack and Maura R. Grossman
},
	Title = {
Engineering Quality and Reliability in Technology-Assisted Review},
	Year = {2016},
	Url = {https://dl.acm.org/citation.cfm?id=2911510},
}

@article{Alharbi2017,
	Author = {Amal Alharbi and Mark Stevenson
},
	
	Title = {Ranking Abstracts to Identify Relevant Evidence for
Systematic Reviews: The University of Sheffield’s
Approach to CLEF eHealth 2017 Task 2
},
	Year = {2017},
	Journal = {CLEF 2017},
	Url = {http://ceur-ws.org/Vol-1866/paper_97.pdf},
}


@article{Siddhartha2015,
	Author = {Siddhartha R. Jonnalagadd and Pawan Goyal and Mark D. Huffman
},
	
	Title = {Automating data extraction in systematic reviews: a systematic review
},
	Year = {2015},
	Url = {https://www.ncbi.nlm.nih.gov/pmc/articles/PMC4514954/},
}

@article{Gordon2017,
	Author = {Gordon V. Cormack and Maura R. Grossman

},
	
	Title = {Technology-Assisted Review in Empirical
Medicine: Waterloo Participation in CLEF
eHealth 2017
},
	Year = {2017},
	Journal = {CLEF 2017},
	Url = {https://pdfs.semanticscholar.org/b4fa/fe513114e292a16eea3f5b34776cb4c92101.pdf},
}

@article{medline,

},
	Url = {https://www.nlm.nih.gov/bsd/pmresources.html},
}

@article{nlm,

},
	Url = {https://www.nlm.nih.gov/bsd/disted/meshtutorial/principlesofmedlinesubjectindexing/findingterms},
}

@article{Eunkyung2017,
	Author = {Grace Eunkyung Lee

},
	
	Title = {A Study of Convolutional Neural Networks for
Clinical Document Classification in Systematic
Reviews: SysReview at CLEF eHealth 2017
},
	Year = {2017},
	Journal = {CLEF 2017},
	Url = {https://pdfs.semanticscholar.org/da90/b7cd7442811f710e1613b5b8caddddc83edd.pdf},
}